@article{Woodard:2015zca,
	author = "Woodard, Richard P.",
	title = "{Ostrogradsky's theorem on Hamiltonian instability}",
	eprint = "1506.02210",
	archivePrefix = "arXiv",
	primaryClass = "hep-th",
	reportNumber = "UFIFT-QG-15-03",
	doi = "10.4249/scholarpedia.32243",
	journal = "Scholarpedia",
	volume = "10",
	number = "8",
	pages = "32243",
	year = "2015"
}
